<?xml version="1.0" encoding="UTF-8"?><collection xmlns="http://www.loc.gov/MARC21/slim"><record><leader>00435nam--2200133-i-4500</leader><controlfield tag="001">000039709</controlfield><controlfield tag="002">20161230</controlfield><controlfield tag="005">20161230201042</controlfield><controlfield tag="008">060222s1000------------r-----000-0-eng-d</controlfield><datafield ind1=" " ind2=" " tag="080"><subfield code="a">621.52:[621.32+621.385(024)=59.621.32:621.52(024)=59.621.385:621.52(024)=59</subfield></datafield><datafield ind1=" " ind2=" " tag="100"><subfield code="a">Roth, Alex</subfield></datafield><datafield ind1=" " ind2=" " tag="245"><subfield code="a">Tehnica vidului si a aparatelor electrice cu vid</subfield></datafield><datafield ind1=" " ind2=" " tag="260"><subfield code="a">Bucuresti, Ed.Energ.De Stat, 1955, 650[-652]P.Cu Ilustr.+ 5f.Tab</subfield></datafield><datafield ind1=" " ind2=" " tag="852"><subfield code="a">4045</subfield></datafield></record></collection>